@article{boltorig,
      title="BOLT: A Practical Binary Optimizer for Data Centers and Beyond",
      author="Maksim Panchenko and Rafael Auler and Bill Nell and Guilherme Ottoni",
      year="2018",
      eprint="1807.06735",
      archivePrefix="arXiv",
      primaryClass="cs.PL",
      langid = "english"
}
@phdthesis{lisitsyn-disser,
  author      = {Лисицын С.А.},
  school      = {ФГАОУ ВО Московский физико-технический институт (национальный исследовательский университет)},
  title       = {Исследование и оптимизация применения трасс исполнения приложения для статической бинарной трансляции под RISC архитектуры},
  year        = {2022}
}

@inproceedings{auto-fdo,
title	= {AutoFDO: Automatic Feedback-Directed Optimization for Warehouse-Scale Applications},
author	= {Dehao Chen and David Xinliang Li and Tipp Moseley},
year	= {2016},
booktitle	= {CGO 2016 Proceedings of the 2016 International Symposium on Code Generation and Optimization},
pages	= {12-23},
address	= {New York, NY, USA}
}

@manual{clang-pgo,
  title       = {LLVM Clang Compiler User’s Manual},
  url         = {https://clang.llvm.org/docs/UsersManual.html}
}

@link{strip,
  title       = {strip(1) - Linux manual page},
  url         = {https://man7.org/linux/man-pages/man1/strip.1.html}
}

@INPROCEEDINGS{llvm-framework,
  author={Lattner, C. and Adve, V.},
  booktitle={International Symposium on Code Generation and Optimization, 2004. CGO 2004.}, 
  title={LLVM: a compilation framework for lifelong program analysis and transformation}, 
  year={2004},
  pages={75-86},
  doi={10.1109/CGO.2004.1281665}
}

@link{specs,
  author       = {Standard Performance Evaluation Corporation. SPEC's Benchmarks and Published Results},
  url          = {https://www.spec.org/benchmarks.html}
}

@INPROCEEDINGS{function-placement-optimization,
  author={Ottoni, Guilherme and Maher, Bertrand},
  booktitle={2017 IEEE/ACM International Symposium on Code Generation and Optimization (CGO)}, 
  title={Optimizing function placement for large-scale data-center applications}, 
  year={2017},
  pages={233-244},
  doi={10.1109/CGO.2017.7863743}}

@inproceedings{sample-profiling-accuracy,
title	= {Taming Hardware Event Samples for FDO Compilation},
author	= {Dehao Chen and Neil Vachharajani and Robert Hundt and Shih-wei Liao and Vinodha Ramasamy and Paul Yuan and Wenguang Chen and Weiming Zheng},
year	= {2010},
booktitle	= {Proceedings of International Symposium on Code Generation and Optimization (CGO)}
}

@article{propeller,
author = {Moreira, Ang\'{e}lica Aparecida and Ottoni, Guilherme and Quint\~{a}o Pereira, Fernando Magno},
title = {VESPA: Static Profiling for Binary Optimization},
year = {2021},
issue_date = {October 2021},
publisher = {Association for Computing Machinery},
address = {New York, NY, USA},
volume = {5},
number = {OOPSLA},
url = {https://doi.org/10.1145/3485521},
doi = {10.1145/3485521},
journal = {Proc. ACM Program. Lang.},
month = {10},
articleno = {144},
numpages = {28},
keywords = {Prediction, Optimization, Compiler, Profiling}
}

@INPROCEEDINGS{janus,
  author={Zhou, Ruoyu and Jones, Timothy M.},
  booktitle={2019 IEEE/ACM International Symposium on Code Generation and Optimization (CGO)}, 
  title={Janus: Statically-Driven and Profile-Guided Automatic Dynamic Binary Parallelisation}, 
  year={2019},
  pages={15-25},
  doi={10.1109/CGO.2019.8661196}}

@inproceedings{halo,
author = {Savage, Joe and Jones, Timothy M.},
title = {HALO: Post-Link Heap-Layout Optimisation},
year = {2020},
isbn = {9781450370479},
publisher = {Association for Computing Machinery},
address = {New York, NY, USA},
url = {https://doi.org/10.1145/3368826.3377914},
doi = {10.1145/3368826.3377914},
booktitle = {Proceedings of the 18th ACM/IEEE International Symposium on Code Generation and Optimization},
pages = {94–106},
numpages = {13},
keywords = {cache locality, profile-guided optimisation, Memory management, binary rewriting, dynamic allocation},
location = {San Diego, CA, USA},
series = {CGO 2020}
}

@INPROCEEDINGS{ispike,
  author={Luk, C.K. and Muth, R. and Harish Patil and Cohn, R. and Lowney, G.},
  booktitle={International Symposium on Code Generation and Optimization, 2004. CGO 2004.}, 
  title={Ispike: a post-link optimizer for the Intel/spl reg/ Itanium/spl reg/ architecture}, 
  year={2004},
  pages={15-26},
  doi={10.1109/CGO.2004.1281660}}

@link{aarch64-elf-docs,
  title       = {ELF for the Arm 64-bit Architecture (AArch64)},
  url         = {https://github.com/ARM-software/abi-aa/blob/main/aaelf64/aaelf64.rst}
}

@book{compiler-algos,
  author         = {Carl D. Offner},
  publisher      = {University of Massachusetts Boston},
  title          = {Notes on Graph Algorithms Used in Optimizing Compilers},
  year           = {2013}
}

@ARTICLE{repica,
  author={Ha, Dongsoo and Jin, Wenhui and Oh, Heekuck},
  journal={IEEE Access}, 
  title={REPICA: Rewriting Position Independent Code of ARM}, 
  year={2018},
  volume={6},
  number={},
  pages={50488-50509},
  doi={10.1109/ACCESS.2018.2868411}}

@article{linker-overview,
author = {Kell, Stephen and Mulligan, Dominic P. and Sewell, Peter},
title = {The Missing Link: Explaining ELF Static Linking, Semantically},
year = {2016},
issue_date = {October 2016},
publisher = {Association for Computing Machinery},
address = {New York, NY, USA},
volume = {51},
number = {10},
issn = {0362-1340},
url = {https://doi.org/10.1145/3022671.2983996},
doi = {10.1145/3022671.2983996},
journal = {SIGPLAN Not.},
month = {09},
pages = {607–623},
numpages = {17},
keywords = {Executable and Linkable Format (ELF), Linking, formal specification, theorem-proving}
}

@article{pgo-code-positioning,
author = {Pettis, Karl and Hansen, Robert C.},
title = {Profile Guided Code Positioning},
year = {1990},
issue_date = {Jun. 1990},
publisher = {Association for Computing Machinery},
address = {New York, NY, USA},
volume = {25},
number = {6},
issn = {0362-1340},
url = {https://doi.org/10.1145/93548.93550},
doi = {10.1145/93548.93550},
journal = {SIGPLAN Not.},
month = {06},
pages = {16–27},
numpages = {12}
}